<?xml version="1.0" encoding="UTF-8"?><collection xmlns="http://www.loc.gov/MARC21/slim"><record><leader>00328nam--2200121-i-4500</leader><controlfield tag="001">000006055</controlfield><controlfield tag="002">20161230</controlfield><controlfield tag="005">20161230201026</controlfield><controlfield tag="008">060222s1000------------r-----000-0-eng-d</controlfield><datafield ind1=" " ind2=" " tag="100"><subfield code="a">Curtis, Allen H</subfield></datafield><datafield ind1=" " ind2=" " tag="245"><subfield code="a">A new approach to the design of switching circuits</subfield></datafield><datafield ind1=" " ind2=" " tag="260"><subfield code="a">Toronto, D.Van Nostrand Co.Inc., 1962</subfield></datafield><datafield ind1=" " ind2=" " tag="490"><subfield code="a">Viii+635p</subfield></datafield></record></collection>